@article{strips,
    author = {Nils J. Nilson and Richard E. Fikes},
    title = {STRIPS: A New Approach to the Application of Theorem to Problem Solving},
    journaltitle = {Artificial Intelligence Group},
    year = {1970}
}

@article{ADL,
    author = {Edwin P.D. Pednault},
    title = {ADL - Exploring the Middle Ground Between STRIPS and the Situation Calculus},
    journaltitle = {},
    pages= {324-332},
    year = {1987}
}

@article{PDDL,
    author = {Malik Ghallab and Adele Howe and Craig Knoblock and Drew McDermott and Ashwin Ram and Manuela Veloso and Daniel Weld and David Wilkins},
    title = {PDDL - The Planning Domain Definition Language},
    journaltitle = {},
    year = {1998}
}

@article{graphplan,
    author = {Avrim Blum and Merrick Furst and John Langford},
    title = {Fast Planning Through Planning Graph Analysis},
    journaltitle = {Artificial Intelligence},
    year = {1997},
    pages= {281-300},
}

@article{satplan,
    author = {Henry Kautz, Bart Selman, and Joerg Hoffmann},
    title = {SatPlan: Planning as Satisfiability},
    journaltitle = {Abstracts of the 5th International Planning Competition},
    year = {2006}
}